@misc{CME211:2018:FinalProjectPart1,
Author = {CME211},
Howpublished = {http://canvas.stanford.edu},
Title = {Final Project: Part 1},
Month = {November 9,},
Year = {2018}}

@misc{CME211:2018:FinalProjectPart2,
Author = {CME211},
Howpublished = {http://canvas.stanford.edu},
Title = {Final Project: Part 2},
Month = {November 25,},
Year = {2018}}